@String(PAMI  = {IEEE TPAMI})
@String(IJCV  = {IJCV})
@String(CVPR  = {CVPR})
@String(ICCV  = {ICCV})
@String(ECCV  = {ECCV})
@String(NIPS  = {NeurIPS})
@String(ICPR  = {ICPR})
@String(BMVC  =	{BMVC})
@String(TOG   = {ACM TOG})
@String(TIP   = {IEEE TIP})
@String(TVCG  = {IEEE TVCG})
@String(TCSVT = {IEEE TCSVT})
@String(TMM   =	{IEEE TMM})
@String(ACMMM = {ACM MM})
@String(ICME  =	{ICME})
@String(ICASSP=	{ICASSP})
@String(ICIP  = {ICIP})
@String(ACCV  = {ACCV})
@String(ICLR  = {ICLR})
@String(IJCAI = {IJCAI})
@String(PR = {PR})
@String(AAAI = {AAAI})
@String(CVPRW= {CVPRW})
@String(CSVT = {IEEE TCSVT})



@String(PAMI = {IEEE Trans. Pattern Anal. Mach. Intell.})
@String(IJCV = {Int. J. Comput. Vis.})
@String(CVPR= {IEEE Conf. Comput. Vis. Pattern Recog.})
@String(ICCV= {Int. Conf. Comput. Vis.})
@String(ECCV= {Eur. Conf. Comput. Vis.})
@String(NIPS= {Adv. Neural Inform. Process. Syst.})
@String(ICPR = {Int. Conf. Pattern Recog.})
@String(BMVC= {Brit. Mach. Vis. Conf.})
@String(TOG= {ACM Trans. Graph.})
@String(TIP  = {IEEE Trans. Image Process.})
@String(TVCG  = {IEEE Trans. Vis. Comput. Graph.})
@String(TMM  = {IEEE Trans. Multimedia})
@String(ACMMM= {ACM Int. Conf. Multimedia})
@String(ICME = {Int. Conf. Multimedia and Expo})
@String(ICASSP=	{ICASSP})
@String(ICIP = {IEEE Int. Conf. Image Process.})
@String(ACCV  = {ACCV})
@String(ICLR = {Int. Conf. Learn. Represent.})
@String(IJCAI = {IJCAI})
@String(PR   = {Pattern Recognition})
@String(AAAI = {AAAI})
@String(CVPRW= {IEEE Conf. Comput. Vis. Pattern Recog. Worksh.})
@String(CSVT = {IEEE Trans. Circuit Syst. Video Technol.})

@String(SPL	= {IEEE Sign. Process. Letters})
@String(VR   = {Vis. Res.})
@String(JOV	 = {J. Vis.})
@String(TVC  = {The Vis. Comput.})
@String(JCST  = {J. Comput. Sci. Tech.})
@String(CGF  = {Comput. Graph. Forum})
@String(CVM = {Computational Visual Media})

% CVPR 2009
% ImageNet
@inproceedings{deng2009imagenet,
  title={Imagenet: A large-scale hierarchical image database},
  author={Deng, Jia and Dong, Wei and Socher, Richard and Li, Li-Jia and Li, Kai and Fei-Fei, Li},
  booktitle={Proceedings of the IEEE Conference on Computer Vision and Pattern Recognition},
  pages={248--255},
  year={2009},
  organization={IEEE}
}

% NIPS 2011
% dCRF
@inproceedings{krahenbuhl2011efficient,
  title={Efficient inference in fully connected crfs with gaussian edge potentials},
  author={Kr{\"a}henb{\"u}hl, Philipp and Koltun, Vladlen},
  booktitle={Advances in Neural Information Processing Systems},
  pages={109--117},
  year={2011}
}

%CVPR 2015
@inproceedings{pinheiro2015image,
  title={From image-level to pixel-level labeling with convolutional networks},
  author={Pinheiro, Pedro O and Collobert, Ronan},
  booktitle={Proceedings of the IEEE Conference on Computer Vision and Pattern Recognition},
  pages={1713--1721},
  year={2015}
}

%ICCV 2015
@inproceedings{pathak2015constrained,
  title={Constrained convolutional neural networks for weakly supervised segmentation},
  author={Pathak, Deepak and Krahenbuhl, Philipp and Darrell, Trevor},
  booktitle={Proceedings of the IEEE International Conference on Computer Vision},
  pages={1796--1804},
  year={2015}
}

% CVPR 2016
% CAM
@inproceedings{zhou2016learning,
  title={Learning Deep Features for Discriminative Localization},
  author={Zhou, Bolei and Khosla, Aditya and Lapedriza, Agata and Oliva, Aude and Torralba, Antonio},
  booktitle={Proceedings of the IEEE Conference on Computer Vision and Pattern Recognition},
  pages={2921--2929},
  year={2016},
}

% ECCV 2016
% SEC
@inproceedings{kolesnikov2016seed,
  title={Seed, expand and constrain: Three principles for weakly-supervised image segmentation},
  author={Kolesnikov, Alexander and Lampert, Christoph H},
  booktitle={Proceedings of the European Conference on Computer Vision},
  pages={695--711},
  year={2016},
  organization={Springer}
}

% BMVC 2016
% micro
@inproceedings{BMVC2016_92,
	title={Improving Weakly-Supervised Object Localization By Micro-Annotation},
	author={Alexander Kolesnikov and Christoph Lampert},
	year={2016},
	month={September},
	pages={92.1-92.12},
	articleno={92},
	numpages={12},
	booktitle={Proceedings of the British Machine Vision Conference},
	publisher={BMVA Press},
	editor={Richard C. Wilson, Edwin R. Hancock and William A. P. Smith},
	doi={10.5244/C.30.92},
	isbn={1-901725-59-6},
	url={https://dx.doi.org/10.5244/C.30.92}
}

% BMVC 2017
% DCSP % author
@inproceedings{chaudhry_dcsp_2017,
  title={Discovering Class-Specific Pixels for Weakly-Supervised Semantic Segmentation},
  author={Arslan Chaudhry and Puneet K. Dokania and Philip H. S. Torr},
  booktitle={Proceedings of the British Machine Vision Conference},
  year={2017}
}

% CVPR 2017
% AE
@inproceedings{wei2017object,
  title={Object region mining with adversarial erasing: A simple classification to semantic segmentation approach},
  author={Wei, Yunchao and Feng, Jiashi and Liang, Xiaodan and Cheng, Ming-Ming and Zhao, Yao and Yan, Shuicheng},
  booktitle={Proceedings of the IEEE Conference on Computer Vision and Pattern Recognition},
  pages={1568--1576},
  year={2017}
}
% Guided labeling
@inproceedings{oh2017exploiting,
  title={Exploiting saliency for object segmentation from image level labels},
  author={Oh, Seong Joon and Benenson, Rodrigo and Khoreva, Anna and Akata, Zeynep and Fritz, Mario and Schiele, Bernt},
  booktitle={2017 IEEE Conference on Computer Vision and Pattern Recognition},
  pages={5038--5047},
  year={2017},
  organization={IEEE}
}

% ICCV 2017
% TPL
@inproceedings{kim2017two,
  title={Two-phase learning for weakly supervised object localization},
  author={Kim, Dahun and Cho, Donghyeon and Yoo, Donggeun and So Kweon, In},
  booktitle={Proceedings of the IEEE International Conference on Computer Vision},
  pages={3534--3543},
  year={2017}
}

% DUTS
@inproceedings{wang2017learning,
  title={Learning to detect salient objects with image-level supervision},
  author={Wang, Lijun and Lu, Huchuan and Wang, Yifan and Feng, Mengyang and Wang, Dong and Yin, Baocai and Ruan, Xiang},
  booktitle={Proceedings of the IEEE Conference on Computer Vision and Pattern Recognition},
  pages={136--145},
  year={2017}
}

% TPAMI 2017
% STC
@article{wei2016stc,
  title={Stc: A simple to complex framework for weakly-supervised semantic segmentation},
  author={Wei, Yunchao and Liang, Xiaodan and Chen, Yunpeng and Shen, Xiaohui and Cheng, Ming-Ming and Feng, Jiashi and Zhao, Yao and Yan, Shuicheng},
  journal={IEEE Transactions on Pattern Analysis and Machine Intelligence},
  volume={39},
  number={11},
  pages={2314--2320},
  year={2016},
  publisher={IEEE}
}

% ECCV 2018
% ASIS
@inproceedings{fan2018associating,
  title={Associating inter-image salient instances for weakly supervised semantic segmentation},
  author={Fan, Ruochen and Hou, Qibin and Cheng, Ming-Ming and Yu, Gang and Martin, Ralph R and Hu, Shi-Min},
  booktitle={Proceedings of the European Conference on Computer Vision},
  pages={367--383},
  year={2018}
}

% CVPR 2018
% AffinityNet
@inproceedings{ahn2018learning,
  title={Learning pixel-level semantic affinity with image-level supervision for weakly supervised semantic segmentation},
  author={Ahn, Jiwoon and Kwak, Suha},
  booktitle={Proceedings of the IEEE Conference on Computer Vision and Pattern Recognition},
  pages={4981--4990},
  year={2018}
}
% DSRG
@inproceedings{huang2018weakly,
  title={Weakly-supervised semantic segmentation network with deep seeded region growing},
  author={Huang, Zilong and Wang, Xinggang and Wang, Jiasi and Liu, Wenyu and Wang, Jingdong},
  booktitle={Proceedings of the IEEE Conference on Computer Vision and Pattern Recognition},
  pages={7014--7023},
  year={2018}
}
% MCOF
@inproceedings{wang2018weakly,
  title={Weakly-supervised semantic segmentation by iteratively mining common object features},
  author={Wang, Xiang and You, Shaodi and Li, Xi and Ma, Huimin},
  booktitle={Proceedings of the IEEE Conference on Computer Vision and Pattern Recognition},
  pages={1354--1362},
  year={2018}
}
% MDC
@inproceedings{wei2018revisiting,
  title={Revisiting dilated convolution: A simple approach for weakly-and semi-supervised semantic segmentation},
  author={Wei, Yunchao and Xiao, Huaxin and Shi, Honghui and Jie, Zequn and Feng, Jiashi and Huang, Thomas S},
  booktitle={Proceedings of the IEEE Conference on Computer Vision and Pattern Recognition},
  pages={7268--7277},
  year={2018}
}

% GAIN
@inproceedings{li2018tell,
  title={Tell me where to look: Guided attention inference network},
  author={Li, Kunpeng and Wu, Ziyan and Peng, Kuan-Chuan and Ernst, Jan and Fu, Yun},
  booktitle={Proceedings of the IEEE Conference on Computer Vision and Pattern Recognition},
  pages={9215--9223},
  year={2018}
}

% NeurIPS 2018
% SeeNet
@inproceedings{hou2018self,
  title={Self-erasing network for integral object attention},
  author={Hou, Qibin and Jiang, PengTao and Wei, Yunchao and Cheng, Ming-Ming},
  booktitle={Advances in Neural Information Processing Systems},
  pages={549--559},
  year={2018}
}

% CVPR 2019
% ADL
@inproceedings{choe2019attention,
  title={Attention-based dropout layer for weakly supervised object localization},
  author={Choe, Junsuk and Shim, Hyunjung},
  booktitle={Proceedings of the IEEE Conference on Computer Vision and Pattern Recognition},
  pages={2219--2228},
  year={2019}
}
% FickleNet
@inproceedings{lee2019ficklenet,
  title={Ficklenet: Weakly and semi-supervised semantic image segmentation using stochastic inference},
  author={Lee, Jungbeom and Kim, Eunji and Lee, Sungmin and Lee, Jangho and Yoon, Sungroh},
  booktitle={Proceedings of the IEEE Conference on Computer Vision and Pattern Recognition},
  pages={5267--5276},
  year={2019}
}
% IRNet
@inproceedings{ahn2019weakly,
  title={Weakly supervised learning of instance segmentation with inter-pixel relations},
  author={Ahn, Jiwoon and Cho, Sunghyun and Kwak, Suha},
  booktitle={Proceedings of the IEEE Conference on Computer Vision and Pattern Recognition},
  pages={2209--2218},
  year={2019}
}

% ICCV 2019
% OAA
@inproceedings{jiang2019integral,
  title={Integral object mining via online attention accumulation},
  author={Jiang, Peng-Tao and Hou, Qibin and Cao, Yang and Cheng, Ming-Ming and Wei, Yunchao and Xiong, Hong-Kai},
  booktitle={Proceedings of the IEEE International Conference on Computer Vision},
  pages={2070--2079},
  year={2019}
}
% Joint learning
@inproceedings{zeng2019joint,
  title={Joint learning of saliency detection and weakly supervised semantic segmentation},
  author={Zeng, Yu and Zhuge, Yunzhi and Lu, Huchuan and Zhang, Lihe},
  booktitle={Proceedings of the IEEE International Conference on Computer Vision},
  pages={7223--7233},
  year={2019}
}

% AAAI 2020
% CIAN
@inproceedings{fan2020cian,
  title={Cian: Cross-image affinity net for weakly supervised semantic segmentation},
  author={Fan, Junsong and Zhang, Zhaoxiang and Tan, Tieniu and Song, Chunfeng and Xiao, Jun},
  booktitle={Proceedings of the AAAI Conference on Artificial Intelligence},
  volume={34},
  number={07},
  pages={10762--10769},
  year={2020}
}

% AAAI 2020
% RRM
@inproceedings{zhang2020reliability,
  author    = {Bingfeng Zhang and
               Jimin Xiao and
               Yunchao Wei and
               Mingjie Sun and
               Kaizhu Huang},
  title     = {Reliability Does Matter: An End-to-End Weakly Supervised Semantic
               Segmentation Approach},
  booktitle={Proceedings of the AAAI Conference on Artificial Intelligence},
  pages     = {12765--12772},
  publisher = {{AAAI} Press},
  year      = {2020},
  url       = {https://aaai.org/ojs/index.php/AAAI/article/view/6971},
  timestamp = {Wed, 03 Jun 2020 18:42:45 +0200},
  biburl    = {https://dblp.org/rec/conf/aaai/ZhangXWSH20.bib},
  bibsource = {dblp computer science bibliography, https://dblp.org}
}
% CVPR 2020
% ICD
@inproceedings{fan2020learning,
  title={Learning Integral Objects With Intra-Class Discriminator for Weakly-Supervised Semantic Segmentation},
  author={Fan, Junsong and Zhang, Zhaoxiang and Song, Chunfeng and Tan, Tieniu},
  booktitle={Proceedings of the IEEE Conference on Computer Vision and Pattern Recognition},
  pages={4283--4292},
  year={2020}
}
% SEAM
@inproceedings{wang2020self,
  title={Self-supervised Equivariant Attention Mechanism for Weakly Supervised Semantic Segmentation},
  author={Wang, Yude and Zhang, Jie and Kan, Meina and Shan, Shiguang and Chen, Xilin},
  booktitle={Proceedings of the IEEE Conference on Computer Vision and Pattern Recognition},
  pages={12275--12284},
  year={2020}
}
% Sub-category
@inproceedings{chang2020weakly,
  title={Weakly-Supervised Semantic Segmentation via Sub-Category Exploration},
  author={Chang, Yu-Ting and Wang, Qiaosong and Hung, Wei-Chih and Piramuthu, Robinson and Tsai, Yi-Hsuan and Yang, Ming-Hsuan},
  booktitle={Proceedings of the IEEE Conference on Computer Vision and Pattern Recognition},
  pages={8991--9000},
  year={2020}
}
% Single-Stage ...
@inproceedings{araslanov2020single,
  title={Single-Stage Semantic Segmentation from Image Labels},
  author={Araslanov, Nikita and Roth, Stefan},
  booktitle={Proceedings of the IEEE Conference on Computer Vision and Pattern Recognition},
  pages={4253--4262},
  year={2020}
}

% WSOL Evaluation
@inproceedings{choe2020evaluating,
  title={Evaluating weakly supervised object localization methods right},
  author={Choe, Junsuk and Oh, Seong Joon and Lee, Seungho and Chun, Sanghyuk and Akata, Zeynep and Shim, Hyunjung},
  booktitle={Proceedings of the IEEE Conference on Computer Vision and Pattern Recognition},
  pages={3133--3142},
  year={2020}
}

% ACCESS 2020
% SGAN
@article{yao2020saliency,
  title={Saliency Guided Self-Attention Network for Weakly and Semi-Supervised Semantic Segmentation},
  author={Yao, Qi and Gong, Xiaojin},
  journal={IEEE Access},
  volume={8},
  pages={14413--14423},
  year={2020},
  publisher={IEEE}
}

% TPAMI 2020
% ADL
@article{choe2020attention,
  title={Attention-based Dropout Layer for Weakly Supervised Single Object Localization and Semantic Segmentation},
  author={Choe, Junsuk and Lee, Seungho and Shim, Hyunjung},
  journal={IEEE Transactions on Pattern Analysis and Machine Intelligence},
  year={2020},
  publisher={IEEE}
}

% ECCV 2020
% BES
@inproceedings{chen2020boundary,
  title={Weakly Supervised Semantic Segmentation with Boundary Exploration},
  author={Chen Liyi and Wu Weiwei and Fu, Chenchen and Han, Xiao and Zhang, Yuntao},
  booktitle={Proceedings of the European Conference on Computer Vision},
  year={2020},
}
% Splitting & Merging
@inproceedings{zhang2020splitting,
  title={Splitting vs. Merging: Mining Object Regions with Discrepancy and Intersection Loss for Weakly Supervised Semantic Segmentation},
  author={Zhang, Tianyi and Lin, Guosheng and Liu, Weide and Cai, Jianfei and Kot, Alex},
  booktitle={Proceedings of the European Conference on Computer Vision},
  year={2020}
}
% MCIS
@inproceedings{sun2020mining,
  title={Mining cross-image semantics for weakly supervised semantic segmentation},
  author={Sun, Guolei and Wang, Wenguan and Dai, Jifeng and Van Gool, Luc},
  booktitle={Proceedings of the European Conference on Computer Vision},
  year={2020}
}
% Multi-estimation
@inproceedings{fan2020employing,
  title={Employing Multi-Estimations for Weakly-Supervised Semantic Segmentation},
  author={Fan, Junsong and Zhang, Zhaoxiang and Tan, Tieniu},
  year={2020},
  booktitle={Proceedings of the European Conference on Computer Vision}
}
% ###############  Segmentation Networks ############### 
% DeepLab V1
@inproceedings{chen2014semantic,
  title={Semantic image segmentation with deep convolutional nets and fully connected crfs},
  author={Chen, Liang-Chieh and Papandreou, George and Kokkinos, Iasonas and Murphy, Kevin and Yuille, Alan L},
  booktitle={International Conference on Learning Representations},
  year={2015}
}

% DeepLab V2
@article{chen2017deeplab,
  title={Deeplab: Semantic image segmentation with deep convolutional nets, atrous convolution, and fully connected crfs},
  author={Chen, Liang-Chieh and Papandreou, George and Kokkinos, Iasonas and Murphy, Kevin and Yuille, Alan L},
  journal={IEEE Transactions on Pattern Analysis and Machine Intelligence},
  volume={40},
  number={4},
  pages={834--848},
  year={2017},
  publisher={IEEE}
}

% ResNet38
@article{wu2019wider,
  title={Wider or deeper: Revisiting the resnet model for visual recognition},
  author={Wu, Zifeng and Shen, Chunhua and Van Den Hengel, Anton},
  journal={Pattern Recognition},
  volume={90},
  pages={119--133},
  year={2019},
  publisher={Elsevier}
}
% ############### Dataset ############### 
% Pascal VOC
@article{everingham2015pascal,
  title={The pascal visual object classes challenge: A retrospective},
  author={Everingham, Mark and Eslami, SM Ali and Van Gool, Luc and Williams, Christopher KI and Winn, John and Zisserman, Andrew},
  journal={International Journal of Computer Vision},
  volume={111},
  number={1},
  pages={98--136},
  year={2015},
  publisher={Springer}
}
% Pascal Context
@inproceedings{mottaghi2014role,
  title={The role of context for object detection and semantic segmentation in the wild},
  author={Mottaghi, Roozbeh and Chen, Xianjie and Liu, Xiaobai and Cho, Nam-Gyu and Lee, Seong-Whan and Fidler, Sanja and Urtasun, Raquel and Yuille, Alan},
  booktitle={Proceedings of the IEEE Conference on Computer Vision and Pattern Recognition},
  pages={891--898},
  year={2014}
}
% SBD
@inproceedings{hariharan2011semantic,
  title={Semantic contours from inverse detectors},
  author={Hariharan, Bharath and Arbel{\'a}ez, Pablo and Bourdev, Lubomir and Maji, Subhransu and Malik, Jitendra},
  booktitle={2011 International Conference on Computer Vision},
  pages={991--998},
  year={2011},
  organization={IEEE}
}
% COCO
@inproceedings{lin2014microsoft,
  title={Microsoft coco: Common objects in context},
  author={Lin, Tsung-Yi and Maire, Michael and Belongie, Serge and Hays, James and Perona, Pietro and Ramanan, Deva and Doll{\'a}r, Piotr and Zitnick, C Lawrence},
  booktitle={Proceedings of the European Conference on Computer Vision},
  pages={740--755},
  year={2014},
  organization={Springer}
}

% COCO-Stuff
@inproceedings{caesar2018coco,
  title={Coco-stuff: Thing and stuff classes in context},
  author={Caesar, Holger and Uijlings, Jasper and Ferrari, Vittorio},
  booktitle={Proceedings of the IEEE Conference on Computer Vision and Pattern Recognition},
  pages={1209--1218},
  year={2018}
}

% framework
@inproceedings{paszke2019pytorch,
  title={Pytorch: An imperative style, high-performance deep learning library},
  author={Paszke, Adam and Gross, Sam and Massa, Francisco and Lerer, Adam and Bradbury, James and Chanan, Gregory and Killeen, Trevor and Lin, Zeming and Gimelshein, Natalia and Antiga, Luca and others},
  booktitle={Advances in Neural Information Processing Systems},
  pages={8026--8037},
  year={2019}
}

% ############### Saliency ############### 
% TIP 2015, SOD
@article{borji2015salient,
  title={Salient object detection: A benchmark},
  author={Borji, Ali and Cheng, Ming-Ming and Jiang, Huaizu and Li, Jia},
  journal={IEEE Transactions on Image Processing},
  volume={24},
  number={12},
  pages={5706--5722},
  year={2015},
  publisher={IEEE}
}
% CVPR 2013, DRFI
@inproceedings{jiang2013salient,
  title={Salient object detection: A discriminative regional feature integration approach},
  author={Jiang, Huaizu and Wang, Jingdong and Yuan, Zejian and Wu, Yang and Zheng, Nanning and Li, Shipeng},
  booktitle={Proceedings of the IEEE Conference on Computer Vision and Pattern Recognition},
  pages={2083--2090},
  year={2013}
}
% CVPR 2017, DSS
@inproceedings{hou2017deeply,
  title={Deeply supervised salient object detection with short connections},
  author={Hou, Qibin and Cheng, Ming-Ming and Hu, Xiaowei and Borji, Ali and Tu, Zhuowen and Torr, Philip HS},
  booktitle={Proceedings of the IEEE Conference on Computer Vision and Pattern Recognition},
  pages={3203--3212},
  year={2017}
}
% IEEE TM 2018, SNet
@article{xiao2018deep,
  title={Deep salient object detection with dense connections and distraction diagnosis},
  author={Xiao, Huaxin and Feng, Jiashi and Wei, Yunchao and Zhang, Maojun and Yan, Shuicheng},
  journal={IEEE Transactions on Multimedia},
  volume={20},
  number={12},
  pages={3239--3251},
  year={2018},
  publisher={IEEE}
}
% CVPR 2019, PFAN
@inproceedings{zhao2019pyramid,
  title={Pyramid feature attention network for saliency detection},
  author={Zhao, Ting and Wu, Xiangqian},
  booktitle={Proceedings of the IEEE Conference on Computer Vision and Pattern Recognition},
  pages={3085--3094},
  year={2019}
}
% NerIPS 2019, USPS
@inproceedings{nguyen2019deepusps,
  title={Deepusps: Deep robust unsupervised saliency prediction via self-supervision},
  author={Nguyen, Tam and Dax, Maximilian and Mummadi, Chaithanya Kumar and Ngo, Nhung and Nguyen, Thi Hoai Phuong and Lou, Zhongyu and Brox, Thomas},
  booktitle={Advances in Neural Information Processing Systems},
  pages={204--214},
  year={2019}
}
% ############### Other WSSS ############### 
% Bounding Boxes
@inproceedings{khoreva2017simple,
  title={Simple does it: Weakly supervised instance and semantic segmentation},
  author={Khoreva, Anna and Benenson, Rodrigo and Hosang, Jan and Hein, Matthias and Schiele, Bernt},
  booktitle={Proceedings of the IEEE Conference on Computer Vision and Pattern Recognition},
  pages={876--885},
  year={2017}
}
% scribbles
@inproceedings{lin2016scribblesup,
  title={Scribblesup: Scribble-supervised convolutional networks for semantic segmentation},
  author={Lin, Di and Dai, Jifeng and Jia, Jiaya and He, Kaiming and Sun, Jian},
  booktitle={Proceedings of the IEEE Conference on Computer Vision and Pattern Recognition},
  pages={3159--3167},
  year={2016}
}
@inproceedings{tang2018normalized,
  title={Normalized cut loss for weakly-supervised cnn segmentation},
  author={Tang, Meng and Djelouah, Abdelaziz and Perazzi, Federico and Boykov, Yuri and Schroers, Christopher},
  booktitle={Proceedings of the IEEE Conference on Computer Vision and Pattern Recognition},
  pages={1818--1827},
  year={2018}
}
@inproceedings{vernaza2017learning,
  title={Learning random-walk label propagation for weakly-supervised semantic segmentation},
  author={Vernaza, Paul and Chandraker, Manmohan},
  booktitle={Proceedings of the IEEE Conference on Computer Vision and Pattern Recognition},
  pages={7158--7166},
  year={2017}
}

@article{liu2020leveraging,
  title={Leveraging instance-, image-and dataset-level information for weakly supervised instance segmentation},
  author={Liu, Yun and Wu, Yu-Huan and Wen, Pei-Song and Shi, Yu-Jun and Qiu, Yu and Cheng, Ming-Ming},
  journal={IEEE Transactions on Pattern Analysis and Machine Intelligence},
  year={2020},
  publisher={IEEE}
}

% Imbalance problem in COCO
@inproceedings{li2020overcoming,
  title={Overcoming Classifier Imbalance for Long-Tail Object Detection With Balanced Group Softmax},
  author={Li, Yu and Wang, Tao and Kang, Bingyi and Tang, Sheng and Wang, Chunfeng and Li, Jintao and Feng, Jiashi},
  booktitle={Proceedings of the IEEE Conference on Computer Vision and Pattern Recognition},
  pages={10991--11000},
  year={2020}
}